<?xml version="1.0" encoding="UTF-8"?><collection xmlns="http://www.loc.gov/MARC21/slim"><record><leader>00309nam--2200133-i-4500</leader><controlfield tag="001">000003465</controlfield><controlfield tag="002">20161230</controlfield><controlfield tag="005">20161230201025</controlfield><controlfield tag="008">060222s1000------------r-----000-0-eng-d</controlfield><datafield ind1=" " ind2=" " tag="080"><subfield code="a">539.14</subfield></datafield><datafield ind1=" " ind2=" " tag="100"><subfield code="a">Cordier, Margueritte</subfield></datafield><datafield ind1=" " ind2=" " tag="245"><subfield code="a">Structure du noyau</subfield></datafield><datafield ind1=" " ind2=" " tag="260"><subfield code="a">Bycarest, 1947 1341 P.Litogr</subfield></datafield><datafield ind1=" " ind2=" " tag="852"><subfield code="a">993</subfield></datafield></record></collection>